@misc{ff1,
         author =  {P.J. Group},
         title = {Perito en Ingeniería Biomecánica y dinámica del movimiento},
         year = 2019,
         month = {Noviembre.}
}
@misc{ff2,
         author =  {Font LLagunes, J.M},
         title = {Biomecánica aplicada a la ingeniería},
         year = 2013,
         month = {3 Noviembre.}
}
@misc{ff3,
         author =  {Comín, M., et al.},
         title = {Conceptos básicos de mecánica en biomecánica.},
         year = 1996,
         month = {Sociedad Ibérica de Biomecánica y Biomateriales}
}
@misc{ff4,
         author =  {Blog illes},
         title = {Introducción a la Biomecánica},
         year = 2012,
         month = {29 Diciembre}
}
@misc{ff5,
         author =  {Nessler T, Mokha M.},
         title = {Using Movement Assessment to Improve Performance and Reduce Injury Risk},
         year = 2013,
         month = {Marzo}
}
